
@article{avila2006mitochondrial,
  title={Mitochondrial genome sequences and molecular evolution of the {I}rish potato famine pathogen, \emph{{P}hytophthora infestans}},
  author={Avila-Adame, Cruz and G{\'o}mez-Alpizar, Luis and Zismann, Victoria and Jones, Kristine M and Buell, C Robin and Ristaino, Jean Beagle},
  journal={Current genetics},
  volume={49},
  number={1},
  pages={39--46},
  year={2006},
  publisher={Springer}
}

@MISC{broad_pinf,
author = {Broad Institute of Harvard and MIT},
title = {\emph{{P}hytophthora infestans} Sequencing Project},
year = {2014},
url = {http://www.broadinstitute.org/}
}

@article{martin2013reconstructing,
  title={Reconstructing genome evolution in historic samples of the {I}rish potato famine pathogen},
  author={Martin, Michael D and Cappellini, Enrico and Samaniego, Jose A and Zepeda, M Lisandra and Campos, Paula F and Seguin-Orlando, Andaine and Wales, Nathan and Orlando, Ludovic and Ho, Simon YW and Dietrich, Fred S and others},
  journal={Nature communications},
  volume={4},
  year={2013},
  publisher={Nature Publishing Group}
}

@article{yoshida2013correction,
  title={Correction: The rise and fall of the \emph{{P}hytophthora infestans} lineage that triggered the {I}rish potato famine},
  author={Yoshida, Kentaro and Schuenemann, Verena J and Cano, Liliana M and Pais, Marina and Mishra, Bagdevi and Sharma, Rahul and Lanz, Chirsta and Martin, Frank N and Kamoun, Sophien and Krause, Johannes and others},
  journal={eLife},
  volume={2},
  year={2013},
  publisher={eLife Sciences Publications, Ltd}
}

@article{raffaele2010analyses,
  title={Analyses of genome architecture and gene expression reveal novel candidate virulence factors in the secretome of \emph{{P}hytophthora infestans}},
  author={Raffaele, Sylvain and Win, Joe and Cano, Liliana M and Kamoun, Sophien},
  journal={BMC genomics},
  volume={11},
  number={1},
  pages={637},
  year={2010},
  publisher={BioMed Central Ltd}
}

@article{haas2009genome,
  title={Genome sequence and analysis of the {I}rish potato famine pathogen \emph{{P}hytophthora infestans}},
  author={Haas, Brian J and Kamoun, Sophien and Zody, Michael C and Jiang, Rays HY and Handsaker, Robert E and Cano, Liliana M and Grabherr, Manfred and Kodira, Chinnappa D and Raffaele, Sylvain and Torto-Alalibo, Trudy and others},
  journal={Nature},
  volume={461},
  number={7262},
  pages={393--398},
  year={2009},
  publisher={Nature Publishing Group}
}

@article{danies2013phenotypic,
  title={Phenotypic Characterization of Recent Clonal Lineages of \emph{{P}hytophthora infestans} in the United States},
  author={Danies, G and Small, IM and Myers, K and Childers, R and Fry, William E},
  journal={Plant Disease},
  volume={97},
  number={7},
  pages={873--881},
  year={2013},
  publisher={Am Phytopath Society}
}

@article{langmead2012fast,
  title={Fast gapped-read alignment with {B}owtie 2},
  author={Langmead, Ben and Salzberg, Steven L},
  journal={Nature methods},
  volume={9},
  number={4},
  pages={357--359},
  year={2012},
  publisher={Nature Publishing Group}
}

@article{li2009sequence,
  title={The sequence alignment/map format and {SAM}tools},
  author={Li, Heng and Handsaker, Bob and Wysoker, Alec and Fennell, Tim and Ruan, Jue and Homer, Nils and Marth, Gabor and Abecasis, Goncalo and Durbin, Richard and others},
  journal={Bioinformatics},
  volume={25},
  number={16},
  pages={2078--2079},
  year={2009},
  publisher={Oxford Univ Press}
}

@article{cooke2012genome,
  title={Genome analyses of an aggressive and invasive lineage of the Irish potato famine pathogen},
  author={Cooke, David EL and Cano, Liliana M and Raffaele, Sylvain and Bain, Ruairidh A and Cooke, Louise R and Etherington, Graham J and Deahl, Kenneth L and Farrer, Rhys A and Gilroy, Eleanor M and Goss, Erica M and others},
  journal={PLoS pathogens},
  volume={8},
  number={10},
  pages={e1002940},
  year={2012},
  publisher={Public Library of Science}
}



